<?xml version="1.0" encoding="UTF-8"?><record xmlns="http://www.loc.gov/MARC21/slim" xmlns:cinclude="http://apache.org/cocoon/include/1.0" xmlns:zs="http://www.loc.gov/zing/srw/">
  <leader>01087cz  a2200277n  4500</leader>
  <controlfield tag="001">n  90668407 </controlfield>
  <controlfield tag="003">DLC</controlfield>
  <controlfield tag="005">20141127073708.0</controlfield>
  <controlfield tag="008">900711n| azannaabn          |a aaa      </controlfield>
  <datafield tag="010" ind1=" " ind2=" ">
    <subfield code="a">n  90668407 </subfield>
  </datafield>
  <datafield tag="035" ind1=" " ind2=" ">
    <subfield code="a">(OCoLC)oca02778390</subfield>
  </datafield>
  <datafield tag="040" ind1=" " ind2=" ">
    <subfield code="a">DLC</subfield>
    <subfield code="b">eng</subfield>
    <subfield code="e">rda</subfield>
    <subfield code="c">DLC</subfield>
    <subfield code="d">DLC</subfield>
    <subfield code="d">InU</subfield>
    <subfield code="d">OCoLC</subfield>
    <subfield code="d">DLC</subfield>
    <subfield code="d">InU</subfield>
  </datafield>
  <datafield tag="046" ind1=" " ind2=" ">
    <subfield code="f">18390722</subfield>
    <subfield code="g">19070113</subfield>
  </datafield>
  <datafield tag="053" ind1=" " ind2="0">
    <subfield code="a">PH665.H87</subfield>
  </datafield>
  <datafield tag="100" ind1="1" ind2=" ">
    <subfield code="a">Hurt, Jakob,</subfield>
    <subfield code="d">1839-1907</subfield>
  </datafield>
  <datafield tag="374" ind1=" " ind2=" ">
    <subfield code="a">Philologists</subfield>
    <subfield code="a">Authors</subfield>
    <subfield code="a">Folklorists</subfield>
    <subfield code="2">lcsh</subfield>
  </datafield>
  <datafield tag="400" ind1="1" ind2=" ">
    <subfield code="a">Khurt, I︠A︡kob,</subfield>
    <subfield code="d">1839-1907</subfield>
  </datafield>
  <datafield tag="400" ind1="1" ind2=" ">
    <subfield code="a">Hurt, J.</subfield>
    <subfield code="q">(Jakob),</subfield>
    <subfield code="d">1839-1907</subfield>
  </datafield>
  <datafield tag="400" ind1="1" ind2=" ">
    <subfield code="a">Hurt, Jacob,</subfield>
    <subfield code="d">1839-1907</subfield>
  </datafield>
  <datafield tag="670" ind1=" " ind2=" ">
    <subfield code="a">Laar, M. Jakob Hurt 1839-1907, 1989:</subfield>
    <subfield code="b">colophon (I︠A︡kob Khurt)</subfield>
  </datafield>
  <datafield tag="670" ind1=" " ind2=" ">
    <subfield code="a">LC data base, 07-11-90</subfield>
    <subfield code="b">(hdg.: Hurt, Jakob, 1839-1907)</subfield>
  </datafield>
  <datafield tag="670" ind1=" " ind2=" ">
    <subfield code="a">His Über die pleskauer Esten, 1904:</subfield>
    <subfield code="b">t.p. (Dr. J. Hurt)</subfield>
  </datafield>
  <datafield tag="670" ind1=" " ind2=" ">
    <subfield code="a">Wiedemann, F.J. Ehstnisch-deutsches Wörterbuch, 1893:</subfield>
    <subfield code="b">t.p. (Jacob Hurt)</subfield>
  </datafield>
  <datafield tag="670" ind1=" " ind2=" ">
    <subfield code="a">Dr. Jacob Hurda ..., 1989</subfield>
    <subfield code="b">(Jacob Hurt)</subfield>
  </datafield>
  <datafield tag="670" ind1=" " ind2=" ">
    <subfield code="a">Jakob Hurt, 1989:</subfield>
    <subfield code="b">p. 5 (b. 7/22/1839; d. 1/13/07)</subfield>
  </datafield>
  <datafield tag="670" ind1=" " ind2=" ">
    <subfield code="a">Die estnischen Nomina auf - ne purum, 1886:</subfield>
    <subfield code="b">t.p. (Jacob Hurt)</subfield>
  </datafield>
</record>